@book{jolliffe2002principal,
  title={Principal Component Analysis},
  author={Jolliffe, Ian T},
  year={2002},
  publisher={Springer}
}

@article{hotelling1933analysis,
  title={Analysis of a complex of statistical variables into principal components},
  author={Hotelling, Harold},
  journal={Journal of Educational Psychology},
  volume={24},
  number={6},
  pages={417--441},
  year={1933},
  publisher={American Psychological Association}
}

@article{pearson1901lines,
  title={On lines and planes of closest fit to systems of points in space},
  author={Pearson, Karl},
  journal={The London, Edinburgh, and Dublin Philosophical Magazine and Journal of Science},
  volume={2},
  number={11},
  pages={559--572},
  year={1901},
  publisher={Taylor \& Francis}
}

@article{dreiseitl2002logistic,
  title={Logistic regression and artificial neural network classification models: a methodology review},
  author={Dreiseitl, Stephan and Ohno-Machado, Lucila},
  journal={Journal of biomedical informatics},
  volume={35},
  number={5-6},
  pages={352--359},
  year={2002},
  publisher={Elsevier}
}

@article{kirasich2018random,
  title={Random forest vs logistic regression: binary classification for heterogeneous datasets},
  author={Kirasich, Kaitlin and Smith, Trace and Sadler, Bivin},
  journal={SMU Data Science Review},
  volume={1},
  number={3},
  pages={9},
  year={2018}
}

@inproceedings{zou2019logistic,
  title={Logistic regression model optimization and case analysis},
  author={Zou, Xiaonan and Hu, Yong and Tian, Zhewen and Shen, Kaiyuan},
  booktitle={2019 IEEE 7th international conference on computer science and network technology (ICCSNT)},
  pages={135--139},
  year={2019},
  organization={IEEE}
}

@article{entezari2009comparison,
  title={Comparison of classification methods based on the type of attributes and sample size.},
  author={Entezari-Maleki, Reza and Rezaei, Arash and Minaei-Bidgoli, Behrouz},
  journal={J. Convergence Inf. Technol.},
  volume={4},
  number={3},
  pages={94--102},
  year={2009},
  publisher={Citeseer}
}

@article{zhang2012splitting,
  title={A Splitting Criteria Based on Similarity in Decision Tree Learning.},
  author={Zhang, Xinmeng and Jiang, Shengyi},
  journal={J. Softw.},
  volume={7},
  number={8},
  pages={1775--1782},
  year={2012}
}

@article{zhang2017understanding,
  title={Understanding deep learning requires rethinking generalization},
  author={Zhang, Chiyuan and Bengio, Samy and Hardt, Moritz and Recht, Benjamin and Vinyals, Oriol},
  journal={arXiv preprint arXiv:1611.03530},
  year={2017}
}

@book{hastie2009elements,
  title={The Elements of Statistical Learning: Data Mining, Inference, and Prediction},
  author={Hastie, Trevor and Tibshirani, Robert and Friedman, Jerome},
  year={2009},
  publisher={Springer}
}

@book{breiman1984classification,
  title={Classification and Regression Trees},
  author={Breiman, Leo and Friedman, JH and Olshen, RA and Stone, CJ},
  year={1984},
  publisher={Chapman and Hall}
}

@article{cover1967nearest,
  title={Nearest neighbor pattern classification},
  author={Cover, Thomas and Hart, Peter},
  journal={IEEE Transactions on Information Theory},
  volume={13},
  number={1},
  pages={21--27},
  year={1967},
  publisher={IEEE}
}

@article{cortes1995support,
  title={Support-vector networks},
  author={Cortes, Corinna and Vapnik, Vladimir},
  journal={Machine learning},
  volume={20},
  number={3},
  pages={273--297},
  year={1995},
  publisher={Springer}
}



@article{tangirala2020evaluating,
  title={Evaluating the impact of GINI index and information gain on classification using decision tree classifier algorithm},
  author={Tangirala, Suryakanthi},
  journal={International Journal of Advanced Computer Science and Applications},
  volume={11},
  number={2},
  pages={612--619},
  year={2020},
  publisher={Science and Information (SAI) Organization Limited}
}

@article{singh2017impact,
  title={Impact of different data types on classifier performance of random forest, naive bayes, and k-nearest neighbors algorithms},
  author={Singh, Asmita and Halgamuge, Malka N and Lakshmiganthan, Rajasekaran},
  journal={International Journal of Advanced Computer Science and Applications},
  volume={8},
  number={12},
  year={2017},
  publisher={Science and Information (SAI) Organization Limited}
}

@article{jadhav2016comparative,
  title={Comparative study of K-NN, naive Bayes and decision tree classification techniques},
  author={Jadhav, Sayali D and Channe, HP},
  journal={International Journal of Science and Research (IJSR)},
  volume={5},
  number={1},
  pages={1842--1845},
  year={2016}
}
